%YAML 1.1
%TAG !u! tag:unity3d.com,2011:
--- !u!1 &141342
GameObject:
  m_ObjectHideFlags: 0
  m_PrefabParentObject: {fileID: 0}
  m_PrefabInternal: {fileID: 100100000}
  serializedVersion: 4
  m_Component:
  - 4: {fileID: 441342}
  - 33: {fileID: 3341342}
  - 23: {fileID: 2341342}
  - 96: {fileID: 9641344}
  m_Layer: 12
  m_Name: Icicle_projectile
  m_TagString: Player Ammo
  m_Icon: {fileID: 0}
  m_NavMeshLayer: 0
  m_StaticEditorFlags: 0
  m_IsActive: 1
--- !u!1 &141344
GameObject:
  m_ObjectHideFlags: 0
  m_PrefabParentObject: {fileID: 0}
  m_PrefabInternal: {fileID: 100100000}
  serializedVersion: 4
  m_Component:
  - 4: {fileID: 441344}
  - 33: {fileID: 3341344}
  - 23: {fileID: 2341344}
  - 114: {fileID: 11441344}
  - 54: {fileID: 5441344}
  - 135: {fileID: 13541344}
  m_Layer: 12
  m_Name: TOWER_AMMO_BOLT_ICE
  m_TagString: Tower Ammo
  m_Icon: {fileID: 0}
  m_NavMeshLayer: 0
  m_StaticEditorFlags: 0
  m_IsActive: 1
--- !u!4 &441342
Transform:
  m_ObjectHideFlags: 1
  m_PrefabParentObject: {fileID: 0}
  m_PrefabInternal: {fileID: 100100000}
  m_GameObject: {fileID: 141342}
  m_LocalRotation: {x: 0, y: 0, z: 0, w: 1}
  m_LocalPosition: {x: .000600000028, y: .00319999992, z: .0781999975}
  m_LocalScale: {x: 1, y: 1, z: .666666687}
  m_Children: []
  m_Father: {fileID: 441344}
  m_RootOrder: 0
--- !u!4 &441344
Transform:
  m_ObjectHideFlags: 1
  m_PrefabParentObject: {fileID: 0}
  m_PrefabInternal: {fileID: 100100000}
  m_GameObject: {fileID: 141344}
  m_LocalRotation: {x: 0, y: 0, z: 0, w: 1}
  m_LocalPosition: {x: 13.0939999, y: 1.45500004, z: -38.105999}
  m_LocalScale: {x: 5, y: 5, z: 5}
  m_Children:
  - {fileID: 441342}
  m_Father: {fileID: 0}
  m_RootOrder: 0
--- !u!23 &2341342
Renderer:
  m_ObjectHideFlags: 1
  m_PrefabParentObject: {fileID: 0}
  m_PrefabInternal: {fileID: 100100000}
  m_GameObject: {fileID: 141342}
  m_Enabled: 1
  m_CastShadows: 1
  m_ReceiveShadows: 1
  m_LightmapIndex: 255
  m_LightmapTilingOffset: {x: 1, y: 1, z: 0, w: 0}
  m_Materials:
  - {fileID: 2100000, guid: abeda8e0182163e49becc86805974d0c, type: 2}
  m_SubsetIndices: 
  m_StaticBatchRoot: {fileID: 0}
  m_UseLightProbes: 0
  m_LightProbeAnchor: {fileID: 0}
  m_ScaleInLightmap: 1
  m_SortingLayerID: 0
  m_SortingOrder: 0
--- !u!23 &2341344
Renderer:
  m_ObjectHideFlags: 1
  m_PrefabParentObject: {fileID: 0}
  m_PrefabInternal: {fileID: 100100000}
  m_GameObject: {fileID: 141344}
  m_Enabled: 1
  m_CastShadows: 1
  m_ReceiveShadows: 1
  m_LightmapIndex: 255
  m_LightmapTilingOffset: {x: 1, y: 1, z: 0, w: 0}
  m_Materials:
  - {fileID: 2100000, guid: abeda8e0182163e49becc86805974d0c, type: 2}
  m_SubsetIndices: 
  m_StaticBatchRoot: {fileID: 0}
  m_UseLightProbes: 0
  m_LightProbeAnchor: {fileID: 0}
  m_ScaleInLightmap: 1
  m_SortingLayerID: 0
  m_SortingOrder: 0
--- !u!33 &3341342
MeshFilter:
  m_ObjectHideFlags: 1
  m_PrefabParentObject: {fileID: 0}
  m_PrefabInternal: {fileID: 100100000}
  m_GameObject: {fileID: 141342}
  m_Mesh: {fileID: 4300000, guid: 4f0bd111e014ce84982a0c771b4f52dc, type: 3}
--- !u!33 &3341344
MeshFilter:
  m_ObjectHideFlags: 1
  m_PrefabParentObject: {fileID: 0}
  m_PrefabInternal: {fileID: 100100000}
  m_GameObject: {fileID: 141344}
  m_Mesh: {fileID: 4300000, guid: 6843af8bbe3a2004b938ea66f6009a31, type: 3}
--- !u!54 &5441344
Rigidbody:
  m_ObjectHideFlags: 1
  m_PrefabParentObject: {fileID: 0}
  m_PrefabInternal: {fileID: 100100000}
  m_GameObject: {fileID: 141344}
  serializedVersion: 2
  m_Mass: .100000001
  m_Drag: 0
  m_AngularDrag: .00100000005
  m_UseGravity: 0
  m_IsKinematic: 0
  m_Interpolate: 0
  m_Constraints: 0
  m_CollisionDetection: 1
--- !u!96 &9641344
TrailRenderer:
  m_ObjectHideFlags: 1
  m_PrefabParentObject: {fileID: 0}
  m_PrefabInternal: {fileID: 100100000}
  m_GameObject: {fileID: 141342}
  m_Enabled: 1
  m_CastShadows: 0
  m_ReceiveShadows: 0
  m_LightmapIndex: 255
  m_LightmapTilingOffset: {x: 1, y: 1, z: 0, w: 0}
  m_Materials:
  - {fileID: 10301, guid: 0000000000000000f000000000000000, type: 0}
  m_SubsetIndices: 
  m_StaticBatchRoot: {fileID: 0}
  m_UseLightProbes: 0
  m_LightProbeAnchor: {fileID: 0}
  m_ScaleInLightmap: 1
  m_SortingLayerID: 0
  m_SortingOrder: 0
  m_Time: 5
  m_StartWidth: .5
  m_EndWidth: .25
  m_Colors:
    m_Color[0]:
      serializedVersion: 2
      rgba: 4290559164
    m_Color[1]:
      serializedVersion: 2
      rgba: 4290164406
    m_Color[2]:
      serializedVersion: 2
      rgba: 2795149978
    m_Color[3]:
      serializedVersion: 2
      rgba: 1587650977
    m_Color[4]:
      serializedVersion: 2
      rgba: 761159262
  m_MinVertexDistance: .100000001
  m_Autodestruct: 1
--- !u!114 &11441344
MonoBehaviour:
  m_ObjectHideFlags: 1
  m_PrefabParentObject: {fileID: 0}
  m_PrefabInternal: {fileID: 100100000}
  m_GameObject: {fileID: 141344}
  m_Enabled: 1
  m_EditorHideFlags: 0
  m_Script: {fileID: 11500000, guid: 8930b6723cb93a347b348ed05fd14ed4, type: 3}
  m_Name: 
  m_EditorClassIdentifier: 
  spawnTimer: 2
  projectileSpeed: 150
  isEnemyProjectile: 0
  ammoType: 16
  splatSound: {fileID: 8300000, guid: b9d0a4e18f6f60f47a9221144625ffab, type: 3}
  splatSoundVolume: .25
  weaponSFX: {fileID: 0}
  shotDelay: .5
  pointReduction: 50
  canBurn: 0
  burnChance: 0
  burnDamage: 0
  burnDuration: 0
  canFreeze: 0
  freezeChance: 0
  freezeDuration: 0
  canChill: 0
  chillChance: 0
  chillSlow: 0
  chillDuration: 0
  canPoison: 0
  poisonChance: 0
  poisonDamage: 0
  poisonDuration: 0
  owner: {fileID: 0}
--- !u!135 &13541344
SphereCollider:
  m_ObjectHideFlags: 1
  m_PrefabParentObject: {fileID: 0}
  m_PrefabInternal: {fileID: 100100000}
  m_GameObject: {fileID: 141344}
  m_Material: {fileID: 0}
  m_IsTrigger: 0
  m_Enabled: 1
  serializedVersion: 2
  m_Radius: .049999997
  m_Center: {x: 0, y: 0, z: .049999997}
--- !u!1001 &100100000
Prefab:
  m_ObjectHideFlags: 1
  serializedVersion: 2
  m_Modification:
    m_TransformParent: {fileID: 0}
    m_Modifications: []
    m_RemovedComponents: []
  m_ParentPrefab: {fileID: 0}
  m_RootGameObject: {fileID: 141344}
  m_IsPrefabParent: 1
  m_IsExploded: 1
